@book{zara2005moderni,
    title       = {Moderní počítačová grafika},
    author      = {Žára, Jiří and Beneš, Bedřich and Sochor, Jiří and Felkel, Petr},
    edition     = {2},

    publisher   = {Computer Press},
    address     = {Praha},
    year        = {2005},
    
    isbn        = {80-251-0454-0}
}

 @book{hannavy2008encyclopedia,
    title       = {Encyclopedia of nineteenth century photography},
    author      = {Hannavy, John},

    publisher   = {Routledge},
    address     = {London},
    year        = {2008},

    pages       = {1067-1068},
    isbn        = {978-0415972352}
} 

@book{chaves2017introduction,
    title       = {Introduction to nonimaging optics, second edition},
    author      = {Chaves, Julio},
    edition     = {2},

    publisher   = {CRC Press},
    address     = {London},
    year        = {2017},

    isbn        = {978-1482206746}
}
@article{skala2008intersection,
    title       = {Intersection computation in projective space using homogeneous coordinates},
    author      = {Skala, Václav},

    journal     = {International Journal of Image and Graphics},
    volume      = {8},
    number      = {4},

    publisher   = {World Scientific},
    year        = {2008},

    pages       = {615-628},
    isbn        = {978-1510649354}
}

@book{mushaveck2022designing,
    title       = {Designing Illumination Optics},
    author      = {Muschaweck, Julius A and Rehn, Henning},

    series      = {Tutorial Texts},

    publisher   = {SPIE Press},
    address     = {Bellingham},
    year        = {2022}
}

@article{wimmer2017carl,
    title       = {Carl Zeiss, Ernst Abbe, and Advances in the Light Microscope},
    author      = {Wimmer, Wolfgang},
  
    journal     = {Microscopy Today},
    volume      = {25},
    number      = {4},

    publisher   = {Cambridge University Press},
    address     = {Cambridge},
    year        = {2017},
    
    pages       = {50-57}
}

@article{ieee2008floating,
    title       = {IEEE Standard for Floating-Point Arithmetic},
    journal     = {IEEE Std 754},
    year        = {2008},
}

 @misc{fotometrie,
    title       = {Fotometrie a radiometrie},

    journal     = {Učební text k přednášce UFY102},

    publisher   = {Fyzikální ústav Univerzity Karlovy},
    address     = {Praha},
    year        = {2006},

    url         = {http://fu.mff.cuni.cz/biomolecules/media/files/courses/Fotometrie_a_radiometrie.pdf},
    note        = {[cit. 2023-02-28]}
} 
